@Misc{amazon,
  author  = {Amazon},
  title   = {Mechanical {T}urk},
  year    = {2010},
  howpublished = {\url{https://www.mturk.com/mturk/welcome}}}

@article{Buja:2009hp,
	author = {Buja, Andreas and Cook, Dianne and Hofmann, Heike and Lawrence, Michael and Lee, Eun Kyung and Swayne, Deborah F and Wickham, Hadley},
	title = {Statistical inference for exploratory data analysis and model diagnostics},
	journal = {Philosophical Transactions of the Royal Society A: Mathematical, Physical and Engineering Sciences},
	year = {2009},
	volume = {367},
	number = {1906},
	pages = {4361--4383}}

@article{mahbub:2013,
  author={Majumder, Mahbubul and Hofmann, Heike and Cook, Dianne},
  title={Validation of Visual Statistical Inference, Applied to Linear Models}, 
  journal={Journal of the American Statistical Association}, 
  year={2013},
  note = "Accepted for publication"}
 
@article{Hofmann:2012ts,
	author = {Hofmann, Heike and Follett, Lendie and Majumder, Mahbubul and Cook, Dianne},
	title = {Graphical Tests for Power Comparison of Competing Designs},
	journal = {Visualization and Computer Graphics, IEEE Transactions on},
	year = {2012},
	volume = {18},
	number = {12},
	pages = {2441--2448}}

@article{Wilk:1968,
	title = {Probability Plotting Methods for the Analysis of Data},
   author = {Wilk, M. B. and Gnanadesikan, R.},
   journal = {Biometrika},
   volume = {55},
   number = {1},
   pages = {1--17},
   year = {1968}
}